@article{Aaron2019,
	annote = {doi: 10.1002/cpcb.88},
	author = {Aaron, Jesse and Wait, Eric and DeSantis, Michael and Chew, Teng-Leong},
	doi = {10.1002/cpcb.88},
	issn = {1934-2500},
	journal = {Current Protocols in Cell Biology},
	month = {may},
	number = {0},
	pages = {e88},
	publisher = {John Wiley {\&} Sons, Ltd},
	title = {{Practical Considerations in Particle and Object Tracking and Analysis}},
	url = {https://doi.org/10.1002/cpcb.88},
	volume = {0},
	year = {2019}
}
@article{Valm2016,
	author = {Valm, Alex M. and Cohen, Sarah and Legant, Wesley R. and Melunis, Justin and Hershberg, Uri and Wait, Eric and Cohen, Andrew R. and Davidson, Michael W. and Betzig, Eric and Lippincott-Schwartz, Jennifer},
	issn = {1476-4687},
	journal = {Nature},
	month = {may},
	publisher = {Macmillan Publishers Limited, part of Springer Nature. All rights reserved.},
	title = {{Applying systems-level spectral imaging and analysis to reveal the organelle interactome}},
	url = {http://dx.doi.org/10.1038/nature22369 http://10.0.4.14/nature22369 http://www.nature.com/nature/journal/vaop/ncurrent/abs/nature22369.html{\#}supplementary-information},
	volume = {advance on},
	year = {2017}
}
@article{Wait2014,
	author = {Wait, Eric and Winter, Mark and Bjornsson, Chris and Kokovay, Erzsebet and Wang, Yue and Goderie, Susan and Temple, Sally and Cohen, Andrew R},
	doi = {10.1186/1471-2105-15-328},
	isbn = {1471-2105},
	issn = {1471-2105},
	journal = {BMC Bioinformatics},
	number = {1},
	pages = {328},
	title = {{Visualization and Correction of Automated Segmentation, Tracking and Lineaging from 5-D Stem Cell Image Sequences}},
	url = {http://www.biomedcentral.com/1471-2105/15/328 http://www.biomedcentral.com/content/pdf/1471-2105-15-328.pdf},
	volume = {15},
	year = {2014}
}
@inproceedings{Wait2015,
	address = {Gaithersburg, MD},
	author = {Wait, Eric and Winter, Mark and Song, Shihao and Monteleone, David and Stern, Josh and Bjornsson, Chris and Goderie, Susan and Temple, Sally and Cohen, Andrew},
	booktitle = {2015 BioImage Informatics Conference},
	editor = {Bajcsy, Peter (NIST)},
	mendeley-groups = {Lab Publications},
	pages = {4},
	title = {{Collaborative Visualization in the Browser for Segmentation, Tracking, and Lineaging with 5-D Biological Microscopy Images}},
	url = {https://isg.nist.gov/BII{\_}2015/webPages/pages/2015{\_}BII{\_}program/PDFs/Day{\_}3/Session{\_}8/Abstract{\_}Wait{\_}Eric.pdf},
	year = {2015}
}
@article{Wait2019,
	author = {Wait, Eric and Winter, Mark and Cohen, Andrew R},
	doi = {10.1093/bioinformatics/btz523},
	issn = {1367-4803},
	journal = {Bioinformatics},
	month = {jun},
	title = {{Hydra image processor: 5-D GPU image analysis library with MATLAB and python wrappers}},
	url = {https://doi.org/10.1093/bioinformatics/btz523},
	year = {2019}
}
@article{Winter2016,
	author = {Winter, Mark and Mankowski, Walter and Wait, Eric and Temple, Sally and Cohen, Andrew R},
	doi = {10.1093/bioinformatics/btw406},
	journal = {Bioinformatics},
	mendeley-groups = {Lab Publications},
	month = {jul},
	title = {{LEVER: software tools for segmentation, tracking and lineaging of proliferating cells}},
	url = {http://bioinformatics.oxfordjournals.org/content/early/2016/07/14/bioinformatics.btw406.abstract},
	year = {2016}
}
@article{Amat2015,
	issn = {1754-2189},
	journal = {Nat. Protocols},
	month = {nov},
	number = {11},
	pages = {1679--1696},
	publisher = {Nature Publishing Group, a division of Macmillan Publishers Limited. All Rights Reserved.},
	title = {{Efficient processing and analysis of large-scale light-sheet microscopy data}},
	url = {http://dx.doi.org/10.1038/nprot.2015.111 http://10.0.4.14/nprot.2015.111 http://www.nature.com/nprot/journal/v10/n11/abs/nprot.2015.111.html{\#}supplementary-information},
	volume = {10},
	year = {2015}
}

